

@online {
	crypto.stackexchange.com/a/2559:rsa-key-collision,
	lastchecked = {2015-02-24},
	title = {How many RSA keys before a collision? -- Cryptography Stack Exchange},
	url = {http://crypto.stackexchange.com/a/2559}
}

@online {
	wikipedia:rsa,
	lastchecked = {2015-03-05},
	title = {RSA (cryptosystem) -- Wikipedia, the free encyclopedia},
	url = {http://en.wikipedia.org/wiki/RSA_%28cryptosystem%29}
}

@online {
	wikipedia:hash,
	lastchecked = {2015-03-06},
	title = {Hash function -- Wikipedia, the free encyclopedia},
	url = {http://en.wikipedia.org/wiki/Hash_function}
}

@online {
	wikipedia:udp,
	lastchecked = {2015-04-01},
	title = {User Datagram Protocol -- Wikipedia, the free encyclopedia},
	url = {http://en.wikipedia.org/wiki/User_Datagram_Protocol}
}

@online {
	wikipedia:tcp,
	lastchecked = {2015-04-01},
	title = {Transmission Control Protocol -- Wikipedia, the free encyclopedia},
	url = {http://en.wikipedia.org/wiki/Transmission_Control_Protocol}
}

@online {
	keylength:bsi,
	lastchecked = {2015-04-05},
	title = {Keylength -- BSI Cryptographic Key Length Report for Digital Signature (2015)},
	url = {http://www.keylength.com/en/8/}
}
